@INCOLLECTION{bitcoin,
  author = {Satoshi Nakamoto},
  title = {Bitcoin: A Peer-to-Peer Electronic Cash System},
  year = {2008},
  note = {Acesso em 17-11-2018},
  url = {https://bitcoin.org/bitcoin.pdf}
}
@INCOLLECTION{ecash,
  author = {David Chaum},
  title = {Blind Signatures for Untraceable Payments},
  year = {1982},
  note = {Acesso em 17-11-2018},
  url = {http://www.hit.bme.hu/~buttyan/courses/BMEVIHIM219/2009/Chaum.BlindSigForPayment.1982.PDF}
}
@INCOLLECTION{pgp,
 author = {Phillip Zimmermann},
 title = {The Official PGP User's Guide},
 publisher = {MIT Press},
 year = {1995}
}
@INCOLLECTION{b-money,
  author = {Wei Dai},
  title = {b-money},
  year = {1998},
  note = {Acesso em 17-11-2018},
  url = {http://www.weidai.com/bmoney.txt}
}
@INCOLLECTION{pow,
  author = {Markus Jakobsson and Ari Juels},
  title = {Proofs of work and bread pudding protocols},
  year = {1999},
  isbn = {978-0-387-35568-9}
}
@INCOLLECTION{rpow,
  author = {Hal Finney},
  title = {RPOW - Reusable Proofs of Work},
  year = {2004},
  note = {Acesso em 17-11-2018},
  url = {http://nakamotoinstitute.org/rpow/}
}
@INCOLLECTION{hashcash,
  author = {Adam Back},
  title = {Hashcash - A denial of service counter-measure},
  year = {2002},
  note = {Acesso em 17-11-2018},
  url = {http://www.hashcash.org/papers/hashcash.pdf}
}
@INCOLLECTION{bittorrent,
  author = {Bram Cohen},
  title = {Incentives Build Robustness in BitTorrent},
  year = {2003}
}
@INCOLLECTION{bitgold,
  author = {Nick Szabo},
  title = {Bit Gold},
  year = {2005},
  note = {Acesso em 17-11-2018},
  url = {https://unenumerated.blogspot.com.br/2005/12/bit-gold.html}
}
@INCOLLECTION{merkle,
  author = {Ralph Merkle},
  title = {PROTOCOLS FOR PUBLIC KEY CRYPTOSYSTEMS},
  year = {1980},
  note = {Acesso em 17-11-2018},
  url = {http://www.merkle.com/papers/Protocols.pdf}
}
@INCOLLECTION{smartcontract,
  author = {Nick Szabo},
  title = {Formalizing and Securing Relationships on Public Networks },
  year = {1997},
  note = {Acesso em 17-11-2018},
  url = {http://nakamotoinstitute.org/formalizing-securing-relationships}
}
@INCOLLECTION{survey,
  author = {Florian Tschorsch and Bj√∂rn Scheuermann},
  title = {Bitcoin and Beyond:
A Technical Survey on Decentralized Digital Currencies},
  year = {2015},
  publisher = {Humboldt University of Berlin}
}
@INCOLLECTION{dac,
  author = {Daniel Larimer},
  title = {The Hidden Costs of Bitcoin},
  year = {2013},
  note = {Acesso em 17-11-2018},
  url = {https://letstalkbitcoin.com/is-bitcoin-overpaying-for-false-security}
}
@INCOLLECTION{segwit,
  author = {Bitcoin Core},
  title = {Segregated Witness Benefits},
  year = {2016},
  note = {Acesso em 17-11-2018},
  url = {https://bitcoincore.org/en/2016/01/26/segwit-benefits/#script-versioning}
}
@INCOLLECTION{ethereum,
  author = {Vitalik Buterin},
  title = {A Next-Generation Smart Contract and Decentralized Application Platform},
  year = {2014},
  note = {Acesso em 17-11-2018},
  url = {https://github.com/ethereum/wiki/wiki/White-Paper}
}
@INCOLLECTION{sha,
  author = {D. Eastlake and T. Hansen},
  title = {US Secure Hash Algorithms (SHA and SHA-based HMAC and HKDF)},
  year = {2011},
  publisher = {Internet Engineering Task Force (IETF)}
}
@INCOLLECTION{pos,
  author = {Sunny King and Scott Nadal},
  title = {PPCoin: Peer-to-Peer Crypto-Currency with Proof-of-Stake},
  year = {2012},
  note = {Acesso em 17-11-2018},
  url = {https://peercoin.net/assets/paper/peercoin-paper.pdf}
}
@INCOLLECTIONS{dpos,
  author = {Daniel Larimer},
  title = {Delegated Proof-of-Stake (DPOS)},
  year = {2014},
  note = {Acesso em 17-11-2018},
  url = {https://steemit.com/bitshares/@testz/bitshares-history-delegated-proof-of-stake-dpos}
}
@INCOLLECTION{bitshares,
  author = {Fabian Schuh and Daniel Larimer},
  title = {BITSHARES 2.0, FINANCIAL SMART CONTRACT PLATFORM},
  year = {2015},
  note = {Acesso em 17-11-2018},
  url = {https://media.readthedocs.org/pdf/docsbitsharesorg/latest/docsbitsharesorg.pdf}
}
@INCOLLECTION{eos,
  author = {Daniel Larimer},
  title = {EOS.IO Technical White Paper},
  year = {2017},
  note = {Acesso em 17-11-2018},
  url = {https://github.com/EOSIO/Documentation/blob/master/TechnicalWhitePaper.md}
}
@INCOLLECTION{eos_intro,
  author = {Ian Grigg},
  title = {EOS: An Introduction},
  year = {2017},
  note = {Acesso em 17-11-2018},
  url = {http://iang.org/papers/EOS_An_Introduction.pdf}
}
@INCOLLECTION{ethreview,
  author = {Vitalik Buterin},
  title = {Ethereum: Platform Review},
  year = {2016},
  note = {Acesso em 17-11-2018},
  url = {https://bit.ly/1Uv0Mk0}
}
@INCOLLECTION{superdata,
  author = {Superdata},
  title = {eSports Market Report Brief},
  year = {2016},
  note = {Acesso em 17-11-2018},
  url = {https://www.superdataresearch.com/market-data/esports-market-brief/}
}
@INCOLLECTION{provablyfair,
  author = {Piotr J. Piasecki},
  title = {Gaming Self-Contained Provably Fair Smart Contract Casinos},
  year = {2016},
  note = {Acesso em 17-11-2018},
  url = {http://ledger.pitt.edu/ojs/index.php/ledger/article/download/29/53}
}
@INCOLLECTION{montecarlo,
  author = {Eric C. Anderson},
  title = {Monte Carlo Methods and Importance Sampling},
  year = {1999},
  note = {Acesso em 17-11-2018},
  url = {http://ib.berkeley.edu/labs/slatkin/eriq/classes/guest_lect/mc_lecture_notes.pdf}
}
@INCOLLECTION{johnson,
  author = {D. L. Johnson},
  title = {Generating and Testing Pseudo Random Numbers on the IBM Type 701},
  year = {1956},
  note = {Acesso em 17-11-2018},
  url = {https://www.ams.org/journals/mcom/1956-10-053/S0025-5718-1956-0076467-X/S0025-5718-1956-0076467-X.pdf}
}
@INCOLLECTION{kendalsmith,
  author = {M. G. Kendall and B. Babington Smith},
  title = {Random Sampling Numbers},
  year = {1939},
  publisher = {Tracts for Computers 24 Cambridge Uni v. Press London}
}
@INCOLLECTION{tippett,
  author = {L. H. C. Tippett},
  title = {Random Sampling Numbers},
  year = {1927},
  publisher = {}
}
@INCOLLECTION{lehmer,
  author = {D. H. Lehmer},
  title = {Mathematical methods in large-scale computing units},
  year = {1949},
  publisher = {}
}
@INCOLLECTION{neumann,
  author = {John von Neumann},
  title = {Various Techniques Used in Connection With Random Digits},
  year = {1951},
  note = {Acesso em 17-11-2018},
  url = {https://dornsifecms.usc.edu/assets/sites/520/docs/VonNeumann-ams12p36-38.pdf}
}
@INCOLLECTION{hulldobell,
  author = {T. E. Hull and A. R. Dobell},
  title = {Random Number Generators},
  year = {1962},
  note = {Acesso em 17-11-2018},
  url = {https://dspace.library.uvic.ca:8443/bitstream/handle/1828/3142/Random_Number_Generators.pdf}
}
@INCOLLECTION{etheroll,
  author = {Etheroll},
  title = {Etheroll Dice Game Whitepaper},
  year = {2016},
  note = {Acesso em 17-11-2018},
  url = {http://crowdfund.etheroll.com/etheroll-whitepaper.pdf}
}
@INCOLLECTION{kibo,
  author = {Kibo},
  title = {Kibo Lotto Whitepaper},
  year = {2016},
  note = {Acesso em 17-11-2018},
  url = {https://kiboplatform.net/_alldata/files/kibowhitepaper.pdf}
}
@INCOLLECTION{unikrn,
  author = {Unikrn},
  title = {Unikoin Gold: A Decentralized Esports Gaming Token},
  year = {2017},
  note = {Acesso em 17-11-2018},
  url = {https://static.unikrn.com/1337/unikrn_bm/doc/whitepaper_en.pdf}
}
@INCOLLECTION{firstblood,
  author = {Marco Cuesta and Zack Coburn and Anik Dang and Joe Zhou},
  title = {A Decentralized eSports Platform Based on Smart Contracts},
  year = {2016},
  note = {Acesso em 17-11-2018},
  url = {https://coss.io/documents/white-papers/first-blood.pdf}
}
@INCOLLECTION{chess,
  author = {Paul Grau},
  title = {Lessons learned from making a chess game for Ethereum},
  year = {2016},
  note = {Acesso em 17-11-2018},
  url = {https://medium.com/@graycoding/lessons-learned-from-making-a-chess-game-for-ethereum-6917c01178b6}
}
@INCOLLECTION{nakedshort,
  author = {James J. Angel and Douglas M. McCabe},
  title = {The Business Ethics of Short Selling and Naked Short Selling},
  year = {2008},
  note = {Acesso em 17-11-2018},
  url = {https://link.springer.com/article/10.1007%2Fs10551-008-9943-5},
}
@INCOLLECTION{ethrandom,
  author = {Tjaden Hess},
  title = {How can I securely generate a random number in my smart contract?},
  year = {2016},
  note = {Acesso em 17-11-2018},
  url = {https://ethereum.stackexchange.com/questions/191/how-can-i-securely-generate-a-random-number-in-my-smart-contract}
}
@INCOLLECTION{trueflip,
  author = {Trueflip},
  title = {Verifying Trueflip Winning Combinations},
  year = {2017},
  url = {https://trueflipoverview.blogspot.com/2017/04/verifying-trueflip-winning-combinations.html}
}
@INCOLLECTION{byzantium,
  author = {Leslie Lamport and Robert Shostak and Marshall Pease},
  title = {The Byzantine Generals Problem},
  year = {1982},
  note = {Acesso em 17-11-2018},
  url = {http://people.cs.uchicago.edu/~shanlu/teaching/33100_wi15/papers/byz.pdf}
}
@INCOLLECTION{peerplays,
  author = {Jonathan Baha'i and Michael P. Maloney},
  title = {Peerplays: A Provably Fair Blockchain-Based Gaming Platform},
  year = {2017},
  note = {Acesso em 17-11-2018},
  url = {https://steemit.com/peerplays/@peerplays/peerplays-whitepaper}
}
@INCOLLECTION{ethereumissuance,
  author = {Joseph Lubin},
  title = {The Issuance Model in Ethereum},
  year = {2014},
  note = {Acesso em 17-11-2018},
  url = {https://blog.ethereum.org/2014/04/10/the-issuance-model-in-ethereum/}
}
@INCOLLECTION{neowiz,
  author = {Neowiz},
  title = {RNG in Blockchain},
  year = {2018},
  note = {Acesso em 17-11-2018},
  url = {https://www.nblab.io/rng}
}
@INCOLLECTION{satoshidice,
  author = {Eric Voorhees},
  title = {SatoshiDICE.com - The World's Most Popular Bitcoin Game},
  year = {2012},
  note = {Acesso em 17-11-2018},
  url = {https://bitcointalk.org/index.php?topic=77870.0}
}
@INCOLLECTION{eosbet,
  author = {EOSBET},
  title = {EOSBET: The future of decentralized gaming},
  year = {2018},
  note = {Acesso em 17-11-2018},
  url = {https://www.eosbet.io/whitepaper.pdf}
}
@INCOLLECTION{ricardian,
  author = {Ian Grigg},
  title = {The Ricardian Contract},
  year = {2004},
  note = {Acesso em 17-11-2018},
  url = {http://iang.org/papers/ricardian_contract.html}
}
@INCOLLECTION{plasma,
  author = {Joseph Poon and Vitalik Buterin},
  title = {Plasma: Scalable Autonomous Smart Contracts},
  year = {2017},
  note = {Acesso em 17-11-2018},
  url = {https://www.plasma.io/plasma.pdf}
}
@INCOLLECTION{casper,
  author = {Vitalik Buterin and Virgil Griffith},
  title = {Casper the Friendly Finality Gadget},
  year = {2017},
  note = {Acesso em 17-11-2018},
  url = {https://arxiv.org/pdf/1710.09437.pdf}
}
@INCOLLECTION{utxodan,
  author = {Daniel Larimer},
  title = {Blockchain UTXO Model is a Dead End for General Purpose Applications},
  year = {2017},
  note = {Acesso em 17-11-2018},
  url = {https://steemit.com/blockchain/@dantheman/blockchain-utxo-model-is-a-dead-end-for-general-purpose-applications}
}
@INCOLLECTION{cypherpunk,
  author = {Eric Hughes},
  title = {A Cypherpunk's Manifesto},
  year = {1993},
  note = {Acesso em 17-11-2018},
  url = {https://www.activism.net/cypherpunk/manifesto.html}
}
@INCOLLECTION{intentofcode,
  author = {Daniel Larimer},
  title = {The "Intent of Code" is Law},
  year = {2018},
  note = {Acesso em 17-11-2018},
  url = {https://medium.com/@bytemaster/the-intent-of-code-is-law-c0e0cd318032}
}
@INCOLLECTION{plutocracy,
  author = {Vitalik Buterin},
  title = {Governance, Part 2: Plutocracy Is Still Bad},
  year = {2018},
  note = {Acesso em 17-11-2018},
  url = {https://vitalik.ca/general/2018/03/28/plutocracy.html}
}
@INCOLLECTION{approvalvoting,
  author = {Steven J. Brams & Peter C. Fishburn},
  title = {Approval Voting},
  year = {1978},
  note = {Acesso em 17-11-2018},
  url = {https://doi.org/10.2307/1955105}
}
@INCOLLECTION{radio,
  author = {Daniel Larimer},
  title = {The Limits of Crypto-Economic Governance},
  year = {2018},
  note = {Acesso em 17-11-2018},
  url = {https://medium.com/@bytemaster/the-limits-of-crypto-economic-governance-9362b8d1d5aa}
}
@INCOLLECTION{decentgovern,
  author = {Daniel Larimer},
  title = {Decentralized Blockchain Governance},
  year = {2018},
  note = {Acesso em 17-11-2018},
  url = {https://medium.com/@bytemaster/decentralized-blockchain-governance-743f0273bf5a}
}
@INCOLLECTION{longrange,
  author = {Andrew Poelstra},
  title = {On Stake and Consensus},
  year = {2015},
  note = {Acesso em 17-11-2018},
  url = {https://download.wpsoftware.net/bitcoin/pos.pdf}
}
@INCOLLECTION{wax,
  author = {WAX},
  title = {How Ethereum nearly killed VGO, the world‚Äôs most popular DApp},
  year = {2018},
  note = {Acesso em 17-11-2018},
  url = {https://medium.com/wax-io/how-ethereum-nearly-killed-vgo-the-worlds-most-popular-dapp-1e999e3044cb}
}
@INCOLLECTION{,
  author = {},
  title = {},
  year = {},
  publisher = {}
}